@BOOK{Dem4,
	AUTHOR = {Demtröder, Wolfgang},
	YEAR = {2017},
	TITLE = {{Experimentalphysik 4 - Kern-, Teilchen- und Astrophysik}},
	EDITION = {5. },
	ISBN = {978-3-662-52884-6},
	PUBLISHER = {Springer-Verlag},
	ADDRESS = {Berlin Heidelberg New York},
	doi = {10.1007/978-3-662-52884-6}
}

@BOOK{Dem3,
	AUTHOR = {Demtröder, Wolfgang},
	YEAR = {2010},
	TITLE = {Experimentalphysik 3 - Atome, Moleküle und Festkörper},
	EDITION = {4. },
	ISBN = {978-3-642-03911-9},
	PUBLISHER = {Springer-Verlag},
	ADDRESS = {Berlin Heidelberg New York},
	doi = {10.1007/978-3-662-49094-5}
}

@BOOK{Dem1,
	AUTHOR = {Demtröder, Wolfgang},
	YEAR = {2017},
	TITLE = {Experimentalphysik 1 - Mechanik und Wärme},
	EDITION = {7.},
	ISBN = {978-3-662-46414-4},
	PUBLISHER = {Springer-Verlag},
	ADDRESS = {Berlin Heidelberg New York},
}

@BOOK{Gert,
	AUTHOR = {Meschede, Dieter},
	YEAR = {2015},
	TITLE = {Gerthsen Physik},
	ISBN = {978-3-662-45977-5},
	PUBLISHER = {Springer-Verlag},
	ADDRESS = {Berlin Heidelberg New York},
	doi = {10.1007/978-3-662-45977-5}
}

@BOOK{Foot,
	AUTHOR = {Foot, C. AND Foot, Christopher J.},
	YEAR = {2005},
	TITLE = {Atomic Physics},
	EDITION = {New.},
	ISBN = {978-0-198-50695-9},
	PUBLISHER = {Oxford University Press},
	ADDRESS = {New York},
}

@BOOK{Kircher2013,
	AUTHOR = {Kircher, Ernst AND Schneider, Werner},
	YEAR = {2013},
	TITLE = {Physikdidaktik in der Praxis},
	ISBN = {978-3-642-56386-7},
	PUBLISHER = {Springer-Verlag},
	ADDRESS = {Berlin Heidelberg New York},
}

@BOOK{Data85,
AUTHOR ={Steck, Daniel Adam},
YEAR ={2013},
EDITION={2.1.6},
TITLE ={Rubidium 85 D Line Data},
PUBLISHER ={Oregon Center for Optics and Department of Physics},
ADDRESS= {Universitity of Oregon},
url = {https://www.steck.us/alkalidata/rubidium85numbers.pdf},
}

@BOOK{Data87,
AUTHOR ={Steck, Daniel Adam},
YEAR ={2015},
TITLE ={Rubidium 87 D Line Data},
EDITION={2.1.5},
PUBLISHER ={Oregon Center for Optics and Department of Physics},
ADDRESS= {Universitity of Oregon},
url = {https://www.steck.us/alkalidata/rubidium87numbers.pdf},
}

@BOOK{DemtL1,
	AUTHOR = {Demtröder, Wolfgang},
	YEAR = {2007},
	TITLE = {Laserspektroskopie 1 - Grundlagen},
	EDITION = {5.},
	ISBN = {978-3-540-33792-8},
	PUBLISHER = {Springer-Verlag},
	ADDRESS = {Berlin Heidelberg New York},
	doi = {10.1007/978-3-642-53859-9}
} 	

@BOOK{DemtL2,
	AUTHOR = {Demtröder, Wolfgang},
	YEAR = {2015},
	TITLE = {Laser Spectroscopy 2 - Experimental Techniques},
	EDITION = {5. },
	ISBN = {978-3-662-44641-6},
	PUBLISHER = {Springer},
	ADDRESS = {Berlin, Heidelberg},
	doi = {10.1007/978-3-662-44641-6}
}

@BOOK{Meschede,
	AUTHOR = {Meschede, Dieter},
	YEAR = {2008},
	TITLE = {Optik, Licht und Laser - },
	EDITION = {3. },
	ISBN = {978-3-835-10143-2},
	PUBLISHER = {Springer-Verlag},
	ADDRESS = {Berlin Heidelberg New York},
	doi = {0.1007/978-3-8348-9288-1},
}

@BOOK{Eichler,
	AUTHOR = {Eichler, Hans-Joachim AND Eichler, Jürgen},
	YEAR = {2010},
	TITLE = {Laser - Bauformen, Strahlführung, Anwendungen},
	EDITION = {7. },
	ISBN = {978-3-642-10462-6},
	PUBLISHER = {Springer-Verlag},
	ADDRESS = {Berlin Heidelberg New York},
}

@BOOK{Phdid,
	AUTHOR ={Johannes, Recht AND Werner, Klein},
	YEAR={1991},
	TITLE={Wege in der Physikdidaktik Band 2 -Anregungen für Unterricht und Lehre},
	ISBN={3-7896-0100-3},
	PUBLISHER ={Verlag Palm und Enke},
	ADRESS ={Erlangen},
}

@BOOK{Hertel2015,
	AUTHOR = {Hertel, Ingolf Volker AND Schulz, Claus-Peter},
	YEAR = {2015},
	TITLE = {Atome, Moleküle und optische Physik 1 - Atomphysik und Grundlagen der Spektroskopie},
	ISBN = {978-3-662-46808-1},
	PUBLISHER = {Springer-Verlag},
	ADDRESS = {Berlin Heidelberg New York},
	doi = {10.1007/978-3-662-53104-4}
}

@BOOK{Kalvius1999,
	AUTHOR = {Kalvius, Georg Michael},
	YEAR = {2010},
	TITLE = {Physik IV - Physik der Atome, Moleküle und Kerne - Wärmestatistik},
	EDITION = {5.},
	ISBN = {978-3-486-59898-8},
	PUBLISHER = {Walter de Gruyter},
	ADDRESS = {Berlin},
}

@book{Nolting-QM,
isbn={978-3-540-26035-6},
isbn={9783540260356},
issn={0937-7433},
issn={09377433},
author={Nolting, Wolfgang},
title={Grundkurs Theoretische Physik 5/2: Quantenmechanik - Methoden und Anwendungen},
address={Berlin, Heidelberg},
publisher={Springer Berlin Heidelberg},
year={2006},
series={Springer-Lehrbuch},
doi = {10.1007/978-3-540-47616-0}
}

@article{ParticleDataGroup20,
    author = {{Particle Data Group} },
    title = "{Review of Particle Physics}",
    journal = {Progress of Theoretical and Experimental Physics},
    volume = {2020},
    number = {8},
    year = {2020},
    month = {08},
    issn = {2050-3911},
    doi = {10.1093/ptep/ptaa104},
}

